@book{Schlosser2014,
	title =		{Wissenschaftliche Arbeiten schreiben mit LaTeX},
	author =	{Joachim Schlosser},
	date =		{2014},
	publisher = {mitp Verlag},
}

@article{zimmermann2013computing,
	title={Computing solution spaces for robust design},
	author={Zimmermann, Markus and Hoessle, Johannes Edler},
	journal={International Journal for Numerical Methods in Engineering},
	volume={94},
	number={3},
	pages={290--307},
	year={2013},
	publisher={Wiley Online Library}
}

@article{zimmermann2017design,
	title={On the design of large systems subject to uncertainty},
	author={Zimmermann, Markus and Königs, Simon and Niemeyer, Constantin and Fender, Johannes and Zeherbauer, Christian and Vitale, Renzo and Wahle, Martin},
	journal={Journal of Engineering Design},
	volume={28},
	number={4},
	pages={233--254},
	year={2017},
	publisher={Taylor \& Francis}
}

@inproceedings{zimmermann2013vehicle,
	title={Vehicle front crash design accounting for uncertainties},
	author={Zimmermann, Markus},
	booktitle={Proceedings of the FISITA 2012 World Automotive Congress},
	pages={83--89},
	year={2013},
	organization={Springer}
}

% here comes my reference
@article{amadio2022model,
  title={Model-based policy search using monte carlo gradient estimation with real systems application},
  author={Amadio, Fabio and Dalla Libera, Alberto and Antonello, Riccardo and Nikovski, Daniel and Carli, Ruggero and Romeres, Diego},
  journal={IEEE Transactions on Robotics},
  volume={38},
  number={6},
  pages={3879--3898},
  year={2022},
  publisher={IEEE}
}

@inproceedings{Libera2023AthleticIO,
  title={Athletic Intelligence Olympics challenge with Model-Based Reinforcement Learning},
  author={Dalla Libera and Alberto Turcato and Niccol{\`o} Giacomuzzo and Giulio Carli and Ruggero Romeres and Alberto Dalla Libera and Niccolo' Turcato and Giulio Giacomuzzo and Ruggero Carli and Diego Romeres},
  year={2023},
  url={https://api.semanticscholar.org/CorpusID:261487429}
}

@inproceedings{haarnoja2018soft,
  title={Soft actor-critic: Off-policy maximum entropy deep reinforcement learning with a stochastic actor},
  author={Haarnoja, Tuomas and Zhou, Aurick and Abbeel, Pieter and Levine, Sergey},
  booktitle={International conference on machine learning},
  pages={1861--1870},
  year={2018},
  organization={PMLR}
}

@article{lehtomaki1981robustness,
  title={Robustness results in linear-quadratic Gaussian based multivariable control designs},
  author={Lehtomaki, Norman and Sandell, NJAM and Athans, Michael},
  journal={IEEE Transactions on Automatic Control},
  volume={26},
  number={1},
  pages={75--93},
  year={1981},
  publisher={ieee}
}

@article{tedrake2022underactuated,
  title={Underactuated robotics},
  author={Tedrake, Russ},
  journal={Algorithms for Walking, Running, Swimming, Flying, and Manipulation},
  year={2022}
}

@article{konda1999actor,
  title={Actor-critic algorithms},
  author={Konda, Vijay and Tsitsiklis, John},
  journal={Advances in neural information processing systems},
  volume={12},
  year={1999}
}

@misc{achiam2018spinning,
  title={Spinning up in deep reinforcement learning},
  author={Achiam, Joshua},
  year={2018}
}

@inproceedings{maywald2022co,
  title={Co-optimization of Acrobot Design and Controller for Increased Certifiable Stability},
  author={Maywald, Lasse Jenning and Wiebe, Felix and Kumar, Shivesh and Javadi, Mahdi and Kirchner, Frank},
  booktitle={2022 IEEE/RSJ International Conference on Intelligent Robots and Systems (IROS)},
  pages={2636--2641},
  year={2022},
  organization={IEEE}
}

@article{stable-baselines3,
  author  = {Antonin Raffin and Ashley Hill and Adam Gleave and Anssi Kanervisto and Maximilian Ernestus and Noah Dormann},
  title   = {Stable-Baselines3: Reliable Reinforcement Learning Implementations},
  journal = {Journal of Machine Learning Research},
  year    = {2021},
  volume  = {22},
  number  = {268},
  pages   = {1-8},
  url     = {http://jmlr.org/papers/v22/20-1364.html}
}

@misc{towers_gymnasium_2023,
        title = {Gymnasium},
        url = {https://zenodo.org/record/8127025},
        abstract = {An API standard for single-agent reinforcement learning environments, with popular reference environments and related utilities (formerly Gym)},
        urldate = {2023-07-08},
        publisher = {Zenodo},
        author = {Towers, Mark and Terry, Jordan K. and Kwiatkowski, Ariel and Balis, John U. and Cola, Gianluca de and Deleu, Tristan and Goulão, Manuel and Kallinteris, Andreas and KG, Arjun and Krimmel, Markus and Perez-Vicente, Rodrigo and Pierré, Andrea and Schulhoff, Sander and Tai, Jun Jet and Shen, Andrew Tan Jin and Younis, Omar G.},
        month = mar,
        year = {2023},
        doi = {10.5281/zenodo.8127026},
}

@article{tedrake2010lqr,
  title={LQR-trees: Feedback motion planning via sums-of-squares verification},
  author={Tedrake, Russ and Manchester, Ian R and Tobenkin, Mark and Roberts, John W},
  journal={The International Journal of Robotics Research},
  volume={29},
  number={8},
  pages={1038--1052},
  year={2010},
  publisher={SAGE Publications Sage UK: London, England}
}

@book{sutton2018reinforcement,
  title={Reinforcement learning: An introduction},
  author={Sutton, Richard S and Barto, Andrew G},
  year={2018},
  publisher={MIT press}
}

@article{biswal2021development,
  title={Development of quadruped walking robots: A review},
  author={Biswal, Priyaranjan and Mohanty, Prases K},
  journal={Ain Shams Engineering Journal},
  volume={12},
  number={2},
  pages={2017--2031},
  year={2021},
  publisher={Elsevier}
}

@article{schwarting2018planning,
  title={Planning and decision-making for autonomous vehicles},
  author={Schwarting, Wilko and Alonso-Mora, Javier and Rus, Daniela},
  journal={Annual Review of Control, Robotics, and Autonomous Systems},
  volume={1},
  pages={187--210},
  year={2018},
  publisher={Annual Reviews}
}

@article{luukkonen2011modelling,
  title={Modelling and control of quadcopter},
  author={Luukkonen, Teppo},
  journal={Independent research project in applied mathematics, Espoo},
  volume={22},
  number={22},
  year={2011}
}

@article{saeedvand2019comprehensive,
  title={A comprehensive survey on humanoid robot development},
  author={Saeedvand, Saeed and Jafari, Masoumeh and Aghdasi, Hadi S and Baltes, Jacky},
  journal={The Knowledge Engineering Review},
  volume={34},
  pages={e20},
  year={2019},
  publisher={Cambridge University Press}
}

@article{peng2018deepmimic,
  title={Deepmimic: Example-guided deep reinforcement learning of physics-based character skills},
  author={Peng, Xue Bin and Abbeel, Pieter and Levine, Sergey and Van de Panne, Michiel},
  journal={ACM Transactions On Graphics (TOG)},
  volume={37},
  number={4},
  pages={1--14},
  year={2018},
  publisher={ACM New York, NY, USA}
}

@article{hwangbo2019learning,
  title={Learning agile and dynamic motor skills for legged robots},
  author={Hwangbo, Jemin and Lee, Joonho and Dosovitskiy, Alexey and Bellicoso, Dario and Tsounis, Vassilios and Koltun, Vladlen and Hutter, Marco},
  journal={Science Robotics},
  volume={4},
  number={26},
  pages={eaau5872},
  year={2019},
  publisher={American Association for the Advancement of Science}
}

@article{gasparetto2015path,
  title={Path planning and trajectory planning algorithms: A general overview},
  author={Gasparetto, Alessandro and Boscariol, Paolo and Lanzutti, Albano and Vidoni, Renato},
  journal={Motion and Operation Planning of Robotic Systems: Background and Practical Approaches},
  pages={3--27},
  year={2015},
  publisher={Springer}
}

@article{gasparetto2012trajectory,
  title={Trajectory planning in robotics},
  author={Gasparetto, Alessandro and Boscariol, Paolo and Lanzutti, Albano and Vidoni, Renato},
  journal={Mathematics in Computer Science},
  volume={6},
  pages={269--279},
  year={2012},
  publisher={Springer}
}

@article{betts1998survey,
  title={Survey of numerical methods for trajectory optimization},
  author={Betts, John T},
  journal={Journal of guidance, control, and dynamics},
  volume={21},
  number={2},
  pages={193--207},
  year={1998}
}

@book{biagiotti2008trajectory,
  title={Trajectory planning for automatic machines and robots},
  author={Biagiotti, Luigi and Melchiorri, Claudio},
  year={2008},
  publisher={Springer Science \& Business Media}
}

@article{gasparetto2010optimal,
  title={Optimal trajectory planning for industrial robots},
  author={Gasparetto, Alessandro and Zanotto, Vanni},
  journal={Advances in Engineering Software},
  volume={41},
  number={4},
  pages={548--556},
  year={2010},
  publisher={Elsevier}
}

@article{cui2011based,
  title={A*-based pathfinding in modern computer games},
  author={Cui, Xiao and Shi, Hao},
  journal={International Journal of Computer Science and Network Security},
  volume={11},
  number={1},
  pages={125--130},
  year={2011},
  publisher={International Journal of Computer Science and Network Security (IJCSNS)}
}

@article{bickley1968piecewise,
  title={Piecewise cubic interpolation and two-point boundary problems},
  author={Bickley, WG},
  journal={The computer journal},
  volume={11},
  number={2},
  pages={206--208},
  year={1968},
  publisher={The British Computer Society}
}

@book{lynch2017modern,
  title={Modern robotics},
  author={Lynch, Kevin M and Park, Frank C},
  year={2017},
  publisher={Cambridge University Press}
}

@article{kouvaritakis2016model,
  title={Model predictive control},
  author={Kouvaritakis, Basil and Cannon, Mark},
  journal={Switzerland: Springer International Publishing},
  volume={38},
  year={2016},
  publisher={Springer}
}

@article{shinbrot1992chaos,
  title={Chaos in a double pendulum},
  author={Shinbrot, Troy and Grebogi, Celso and Wisdom, Jack and Yorke, James A},
  journal={American Journal of Physics},
  volume={60},
  number={6},
  pages={491--499},
  year={1992},
  publisher={American Association of Physics Teachers}
}

@inproceedings{yamakita1995robust,
  title={Robust swing up control of double pendulum},
  author={Yamakita, M and Iwashiro, M and Sugahara, Y and Furuta, K},
  booktitle={Proceedings of 1995 American Control Conference-ACC'95},
  volume={1},
  pages={290--295},
  year={1995},
  organization={IEEE}
}

@inproceedings{xin2004new,
  title={New analytical results of the energy based swinging up control of the Acrobot},
  author={Xin, Xin and Kaneda, Masahiro},
  booktitle={2004 43rd IEEE Conference on Decision and Control (CDC)(IEEE Cat. No. 04CH37601)},
  volume={1},
  pages={704--709},
  year={2004},
  organization={IEEE}
}

@inproceedings{zheng2006control,
  title={Control double inverted pendulum by reinforcement learning with double cmac network},
  author={Zheng, Yu and Luo, Siwei and Lv, Ziang},
  booktitle={18th International Conference on Pattern Recognition (ICPR'06)},
  volume={4},
  pages={639--642},
  year={2006},
  organization={IEEE}
}

@article{albahkali2009swing,
  title={Swing-up control of the pendubot: an impulse--momentum approach},
  author={Albahkali, Thamer and Mukherjee, Ranjan and Das, Tuhin},
  journal={IEEE Transactions on Robotics},
  volume={25},
  number={4},
  pages={975--982},
  year={2009},
  publisher={IEEE}
}

@article{bogdanov2004optimal,
  title={Optimal control of a double inverted pendulum on a cart},
  author={Bogdanov, Alexander},
  journal={Oregon Health and Science University, Tech. Rep. CSE-04-006, OGI School of Science and Engineering, Beaverton, OR},
  year={2004}
}

@article{furuta1992swing,
  title={Swing-up control of inverted pendulum using pseudo-state feedback},
  author={Furuta, Katsuhisa and Yamakita, M and Kobayashi, S},
  journal={Proceedings of the Institution of Mechanical Engineers, Part I: Journal of Systems and Control Engineering},
  volume={206},
  number={4},
  pages={263--269},
  year={1992},
  publisher={SAGE Publications Sage UK: London, England}
}

@article{cazzolato2011dynamics,
  title={On the dynamics of the furuta pendulum},
  author={Cazzolato, Benjamin Seth and Prime, Zebb and others},
  journal={Journal of Control Science and Engineering},
  volume={2011},
  year={2011},
  publisher={Hindawi}
}

@article{aguilar2010direct,
  title={The direct Lyapunov method for the stabilisation of the Furuta pendulum},
  author={Aguilar-Iba{\~n}ez, Carlos and Su{\'a}rez-Casta{\~n}{\'o}n, Miguel S and Guti{\'e}rres-Frias, Oscar O},
  journal={International Journal of Control},
  volume={83},
  number={11},
  pages={2285--2293},
  year={2010},
  publisher={Taylor \& Francis}
}

@article{liu2013survey,
  title={A survey of underactuated mechanical systems},
  author={Liu, Yang and Yu, Hongnian},
  journal={IET Control Theory \& Applications},
  volume={7},
  number={7},
  pages={921--935},
  year={2013},
  publisher={Wiley Online Library}
}

@article{smith2022walk,
  title={A walk in the park: Learning to walk in 20 minutes with model-free reinforcement learning},
  author={Smith, Laura and Kostrikov, Ilya and Levine, Sergey},
  journal={arXiv preprint arXiv:2208.07860},
  year={2022}
}

@article{hiraoka2021dropout,
  title={Dropout q-functions for doubly efficient reinforcement learning},
  author={Hiraoka, Takuya and Imagawa, Takahisa and Hashimoto, Taisei and Onishi, Takashi and Tsuruoka, Yoshimasa},
  journal={arXiv preprint arXiv:2110.02034},
  year={2021}
}

@article{srivastava2014dropout,
  title={Dropout: a simple way to prevent neural networks from overfitting},
  author={Srivastava, Nitish and Hinton, Geoffrey and Krizhevsky, Alex and Sutskever, Ilya and Salakhutdinov, Ruslan},
  journal={The journal of machine learning research},
  volume={15},
  number={1},
  pages={1929--1958},
  year={2014},
  publisher={JMLR. org}
}

@article{ba2016layer,
  title={Layer normalization},
  author={Ba, Jimmy Lei and Kiros, Jamie Ryan and Hinton, Geoffrey E},
  journal={arXiv preprint arXiv:1607.06450},
  year={2016}
}

@article{kumar2021rma,
  title={Rma: Rapid motor adaptation for legged robots},
  author={Kumar, Ashish and Fu, Zipeng and Pathak, Deepak and Malik, Jitendra},
  journal={arXiv preprint arXiv:2107.04034},
  year={2021}
}

@article{wang2019benchmarking,
  title={Benchmarking model-based reinforcement learning},
  author={Wang, Tingwu and Bao, Xuchan and Clavera, Ignasi and Hoang, Jerrick and Wen, Yeming and Langlois, Eric and Zhang, Shunshi and Zhang, Guodong and Abbeel, Pieter and Ba, Jimmy},
  journal={arXiv preprint arXiv:1907.02057},
  year={2019}
}

@article{brockman2016openai,
  title={Openai gym},
  author={Brockman, Greg and Cheung, Vicki and Pettersson, Ludwig and Schneider, Jonas and Schulman, John and Tang, Jie and Zaremba, Wojciech},
  journal={arXiv preprint arXiv:1606.01540},
  year={2016}
}

@inproceedings{gillen2020combining,
  title={Combining deep reinforcement learning and local control for the acrobot swing-up and balance task},
  author={Gillen, Sean and Molnar, Marco and Byl, Katie},
  booktitle={2020 59th IEEE Conference on Decision and Control (CDC)},
  pages={4129--4134},
  year={2020},
  organization={IEEE}
}

@book{khalil2002nonlinear,
  title={Nonlinear Systems},
  author={Khalil, H.K.},
  isbn={9780130673893},
  lccn={95045804},
  series={Pearson Education},
  url={https://books.google.de/books?id=t_d1QgAACAAJ},
  year={2002},
  publisher={Prentice Hall}
}

@ARTICLE{2023_ram_wiebe_double_pendulum,
  author={Wiebe, Felix and Kumar, Shivesh and Shala, Lasse and Vyas, Shubham and Javadi, Mahdi and Kirchner, Frank},
  journal={IEEE Robotics and Automation Magazine}, 
  title={An Open Source Dual Purpose Acrobot and Pendubot Platform for Benchmarking Control Algorithms for Underactuated Robotics}, 
  year={2023},
  note={under review}}
  
@article{islam2017reproducibility,
  title={Reproducibility of benchmarked deep reinforcement learning tasks for continuous control},
  author={Islam, Riashat and Henderson, Peter and Gomrokchi, Maziar and Precup, Doina},
  journal={arXiv preprint arXiv:1708.04133},
  year={2017}
}

@misc{cubemarsAK806,
  title = {{AK80-6 Robotic Actuator}},
  howpublished = {\url{https://www.cubemars.com/goods-981-AK80-6.html}},
  note = {Accessed: 2023-11-03},
  year = {2023} % Use the year of publication or the current year if not specified
}

@misc{esdCANUSB2,
  author = {{ESD Electronics}},
  title = {CAN-USB/2},
  howpublished = {\url{https://esd.eu/en/products/can-usb-2}},
  note = {Accessed: yyyy-mm-dd},
  year = {2023}
}

@inproceedings{tobin2017domain,
  title={Domain randomization for transferring deep neural networks from simulation to the real world},
  author={Tobin, Josh and Fong, Rachel and Ray, Alex and Schneider, Jonas and Zaremba, Wojciech and Abbeel, Pieter},
  booktitle={2017 IEEE/RSJ international conference on intelligent robots and systems (IROS)},
  pages={23--30},
  year={2017},
  organization={IEEE}
}

@article{hansen2001completely,
  title={Completely derandomized self-adaptation in evolution strategies},
  author={Hansen, Nikolaus and Ostermeier, Andreas},
  journal={Evolutionary computation},
  volume={9},
  number={2},
  pages={159--195},
  year={2001},
  publisher={MIT Press}
}

@online{double_pendulum_dynamics,
  title = {Double Pendulum Dynamics},
  author = {{DFKI RIC Underactuated Lab}},
  year = {2023},  % Replace with the year you accessed the page
  url = {https://dfki-ric-underactuated-lab.github.io/double_pendulum/dynamics.html},
  note = {Website},
}

@book{sastry2013nonlinear,
  title={Nonlinear systems: analysis, stability, and control},
  author={Sastry, Shankar},
  volume={10},
  year={2013},
  publisher={Springer Science \& Business Media}
}

@article{iqbal2017nonlinear,
  title={Nonlinear control systems-A brief overview of historical and recent advances},
  author={Iqbal, Jamshed and Ullah, Mukhtar and Khan, Said Ghani and Khelifa, Baizid and {\'C}ukovi{\'c}, Sa{\v{s}}a},
  journal={Nonlinear Engineering},
  volume={6},
  number={4},
  pages={301--312},
  year={2017},
  publisher={De Gruyter}
}

@book{struble2018nonlinear,
  title={Nonlinear differential equations},
  author={Struble, Raimond A},
  year={2018},
  publisher={Courier Dover Publications}
}

@article{ditto1995principles,
  title={Principles and applications of chaotic systems},
  author={Ditto, William and Munakata, Toshinori},
  journal={Communications of the ACM},
  volume={38},
  number={11},
  pages={96--102},
  year={1995},
  publisher={ACM New York, NY, USA}
}

@article{oestreicher2007history,
  title={A history of chaos theory},
  author={Oestreicher, Christian},
  journal={Dialogues in clinical neuroscience},
  year={2007},
  publisher={Taylor \& Francis}
}

@book{sutton2018reinforcement,
  title={Reinforcement learning: An introduction},
  author={Sutton, Richard S and Barto, Andrew G},
  year={2018},
  publisher={MIT press}
}

@article{puterman1990markov,
  title={Markov decision processes},
  author={Puterman, Martin L},
  journal={Handbooks in operations research and management science},
  volume={2},
  pages={331--434},
  year={1990},
  publisher={Elsevier}
}

@article{kober2013reinforcement,
  title={Reinforcement learning in robotics: A survey},
  author={Kober, Jens and Bagnell, J Andrew and Peters, Jan},
  journal={The International Journal of Robotics Research},
  volume={32},
  number={11},
  pages={1238--1274},
  year={2013},
  publisher={SAGE Publications Sage UK: London, England}
}

@misc{dfki_ric_underactuated_lab_2023,
  author = {{German Research Center for Artificial Intelligence (DFKI)}},
  title = {Real AI Gym},
  year = {2023},
  howpublished = {\url{https://dfki-ric-underactuated-lab.github.io/real-ai-gym/}},
  note = {Accessed: yyyy-mm-dd}
}

@article{watkins1992q,
  title={Q-learning},
  author={Watkins, Christopher JCH and Dayan, Peter},
  journal={Machine learning},
  volume={8},
  pages={279--292},
  year={1992},
  publisher={Springer}
}
